<record xmlns="http://www.loc.gov/MARC21/slim" xmlns:xsi="http://www.w3.org/2001/XMLSchema-instance" xsi:schemaLocation="http://www.loc.gov/MARC21/slim http://www.loc.gov/standards/marcxml/schema/MARC21slim.xsd">

  <leader>00519nam a2200157Ia 4500</leader>
  <datafield ind1=" " tag="999" ind2=" ">
    <subfield code="c">146</subfield>
    <subfield code="d">146</subfield>
  </datafield>
  <controlfield tag="008">150730b1999    ge ||||| |||| 00| | spa d</controlfield>
  <datafield tag="020" ind2=" " ind1=" ">
    <subfield code="a">3631354444</subfield>
  </datafield>
  <datafield ind1=" " tag="090" ind2=" ">
    <subfield code="a">06.01.01 </subfield>
    <subfield code="b">1849</subfield>
  </datafield>
  <datafield ind2=" " tag="100" ind1="1">
    <subfield code="a">Veresov, Nikolai</subfield>
    <subfield code="9">624</subfield>
  </datafield>
  <datafield tag="245" ind2="0" ind1="1">
    <subfield code="a">Undiscovered Vygotsky: etudes on the pre-history of cultural-historical psychology / </subfield>
    <subfield code="c">Nikolai Veresov</subfield>
  </datafield>
  <datafield ind2=" " tag="260" ind1=" ">
    <subfield code="a">Frankfurt  : </subfield>
    <subfield code="b">Peter Lang, </subfield>
    <subfield code="c">1999</subfield>
  </datafield>
  <datafield ind2=" " tag="300" ind1=" ">
    <subfield code="a">282 páginas</subfield>
  </datafield>
  <datafield tag="600" ind2="0" ind1=" ">
    <subfield code="9">906</subfield>
    <subfield code="a">VYGOTSKY, LEV SEMIONOVICH </subfield>
  </datafield>
  <datafield ind1="1" ind2="4" tag="650">
    <subfield code="a">PSICOLOGÍA DE LA EDUCACIÓN</subfield>
    <subfield code="9">625</subfield>
  </datafield>
  <datafield ind1=" " ind2=" " tag="942">
    <subfield code="2">z</subfield>
    <subfield code="c">01</subfield>
  </datafield>
</record>